<record><leader>00000cas a22000007a 4500</leader><controlfield tag="001">12708620</controlfield><controlfield tag="008">851023d18691870iaudn ne      0    0eng d</controlfield><datafield ind1=" " ind2=" " tag="010"><subfield code="a">sn 85049802 </subfield></datafield><datafield ind1=" " ind2=" " tag="040"><subfield code="a">INP</subfield><subfield code="b">eng</subfield><subfield code="c">INP</subfield><subfield code="d">MGN</subfield><subfield code="d">OCLCQ</subfield></datafield><datafield ind1=" " ind2=" " tag="042"><subfield code="a">msc</subfield></datafield><datafield ind1="0" ind2="0" tag="245"><subfield code="a">Des Moines daily bulletin.</subfield></datafield><datafield ind1="3" ind2="0" tag="246"><subfield code="a">Daily bulletin</subfield></datafield><datafield ind1=" " ind2=" " tag="260"><subfield code="a">Des Moines, Iowa :</subfield><subfield code="b">Orwig &amp; Co.,</subfield><subfield code="c">1869-</subfield></datafield><datafield ind1=" " ind2=" " tag="300"><subfield code="a">v. ;</subfield><subfield code="c">56 cm.</subfield></datafield><datafield ind1=" " ind2=" " tag="310"><subfield code="a">Daily (except Sun.)</subfield></datafield><datafield ind1="0" ind2=" " tag="362"><subfield code="a">Mar. 11, 1869-</subfield></datafield><datafield ind1="1" ind2=" " tag="362"><subfield code="a">Ceased Aug. 26, 1870.</subfield></datafield><datafield ind1=" " ind2=" " tag="500"><subfield code="a">Two editions daily, Oct. 18, 1869-&lt;Dec. 31, 1869&gt;.</subfield></datafield><datafield ind1=" " ind2=" " tag="515"><subfield code="a">Preliminary issue, called Extra, issued Mar. 4, 1869.</subfield></datafield><datafield ind1=" " ind2=" " tag="515"><subfield code="a">Numbered within the year.</subfield></datafield><datafield ind1=" " ind2=" " tag="515"><subfield code="a">Issue for Oct. 18, 1869 misdated Oct. 17, 1869.</subfield></datafield><datafield ind1=" " ind2=" " tag="525"><subfield code="a">Includes legislative supplements, &lt;Jan. 10-Apr. 13, 1870&gt;.</subfield></datafield><datafield ind1=" " ind2=" " tag="752"><subfield code="a">United States</subfield><subfield code="b">Iowa</subfield><subfield code="c">Polk</subfield><subfield code="d">Des Moines.</subfield></datafield><datafield ind1="0" ind2=" " tag="775"><subfield code="t">Des Moines bulletin</subfield><subfield code="w">(DLC)sn 85049803</subfield><subfield code="g">July 24, 1869-&lt;July 23, 1870&gt;</subfield></datafield><datafield ind1="0" ind2="4" tag="785"><subfield code="t">Daily Iowa state register (Des Moines, Iowa : 1869)</subfield><subfield code="w">(DLC)sn 85049895</subfield></datafield></record>